<?xml version="1.0" encoding="UTF-8"?>
<collection xmlns:xsi="http://www.w3.org/2001/XMLSchema-instance" xsi:schemaLocation="http://www.loc.gov/MARC21/slim http://www.loc.gov/standards/marcxml/schema/MARC21slim.xsd" xmlns="http://www.loc.gov/MARC21/slim">
<record>
  <leader>02146cam a2200421I  4500</leader>
  <controlfield tag="001">5366997</controlfield>
  <controlfield tag="003">NNC</controlfield>
  <controlfield tag="005">20160118124334.0</controlfield>
  <controlfield tag="008">820827m19391948ua f     b    000 0 ara  </controlfield>
  <datafield tag="010" ind1=" " ind2=" ">
    <subfield code="a">   44050206 </subfield>
  </datafield>
  <datafield tag="019" ind1=" " ind2=" ">
    <subfield code="a">27279436</subfield>
    <subfield code="a">196005673</subfield>
    <subfield code="a">743419564</subfield>
  </datafield>
  <datafield tag="035" ind1=" " ind2=" ">
    <subfield code="a">(OCoLC)ocm08724543</subfield>
  </datafield>
  <datafield tag="035" ind1=" " ind2=" ">
    <subfield code="a">(OCoLC)8724543</subfield>
    <subfield code="z">(OCoLC)27279436</subfield>
    <subfield code="z">(OCoLC)196005673</subfield>
    <subfield code="z">(OCoLC)743419564</subfield>
  </datafield>
  <datafield tag="035" ind1=" " ind2=" ">
    <subfield code="a">(NNC)5366997</subfield>
  </datafield>
  <datafield tag="040" ind1=" " ind2=" ">
    <subfield code="a">DLC</subfield>
    <subfield code="b">eng</subfield>
    <subfield code="c">IXA</subfield>
    <subfield code="d">IXA</subfield>
    <subfield code="d">CUY</subfield>
    <subfield code="d">LOA</subfield>
    <subfield code="d">JHE</subfield>
    <subfield code="d">J9U</subfield>
    <subfield code="d">OCLCQ</subfield>
    <subfield code="d">OCLCO</subfield>
    <subfield code="d">OCLCF</subfield>
  </datafield>
  <datafield tag="041" ind1="0" ind2=" ">
    <subfield code="a">arafre</subfield>
  </datafield>
  <datafield tag="050" ind1="0" ind2="4">
    <subfield code="a">PJ7701.A13</subfield>
    <subfield code="b">J3</subfield>
  </datafield>
  <datafield tag="100" ind1="0" ind2=" ">
    <subfield code="a">ʻAbd Allāh ibn Wahb,</subfield>
    <subfield code="d">-approximately 812.</subfield>
  </datafield>
  <datafield tag="245" ind1="1" ind2="3">
    <subfield code="a">Le D̲j̲âmiʻ dʹIbn Wahb,</subfield>
    <subfield code="c">édité et commenté par J. David-Weill.</subfield>
  </datafield>
  <datafield tag="260" ind1=" " ind2=" ">
    <subfield code="a">Le Caire,</subfield>
    <subfield code="b">Imprimerie de lʹInstitut français dʹarchéologie orientale,</subfield>
    <subfield code="c">1939-48.</subfield>
  </datafield>
  <datafield tag="300" ind1=" " ind2=" ">
    <subfield code="a">2 volumes</subfield>
    <subfield code="b">plates</subfield>
    <subfield code="c">28 x 23 cm.</subfield>
  </datafield>
  <datafield tag="336" ind1=" " ind2=" ">
    <subfield code="a">text</subfield>
    <subfield code="b">txt</subfield>
    <subfield code="2">rdacontent</subfield>
  </datafield>
  <datafield tag="337" ind1=" " ind2=" ">
    <subfield code="a">unmediated</subfield>
    <subfield code="b">n</subfield>
    <subfield code="2">rdamedia</subfield>
  </datafield>
  <datafield tag="338" ind1=" " ind2=" ">
    <subfield code="a">volume</subfield>
    <subfield code="b">nc</subfield>
    <subfield code="2">rdacarrier</subfield>
  </datafield>
  <datafield tag="490" ind1="1" ind2=" ">
    <subfield code="a">Publications de l'Institut français d'archéologie orientale. Textes arabes,</subfield>
    <subfield code="v">t. 3</subfield>
  </datafield>
  <datafield tag="500" ind1=" " ind2=" ">
    <subfield code="a">Text of part of a codex discovered at Tell Idfu. The first three books only, "Livre des généalogies," "Livre du silence," and "Livre du sceau," were in condition to publish. cf. v. 1, Préf.</subfield>
  </datafield>
  <datafield tag="500" ind1=" " ind2=" ">
    <subfield code="a">Includes also (v. 1, p. vii-xxvii) text and French translation of the biography of ʼAbd Allāh ibn Wahb from the Cairo manuscript of al-Ḳāḍī ʼIyādʹs Tartib al-madārik wa takrīb al-masālik.</subfield>
  </datafield>
  <datafield tag="500" ind1=" " ind2=" ">
    <subfield code="a">"Biographie de ʻAbd-Allāh ibn Wahb (principales sources)": v. 1, p. xi.</subfield>
  </datafield>
  <datafield tag="505" ind1="0" ind2=" ">
    <subfield code="a">1. Texte et planches--2. Commentaire.</subfield>
  </datafield>
  <datafield tag="504" ind1=" " ind2=" ">
    <subfield code="a">"Biographie de ʻAbd-Allāh ibn Wahb (principales sources) ": v. 1, pages xi.</subfield>
  </datafield>
  <datafield tag="650" ind1=" " ind2="0">
    <subfield code="a">Hadith.</subfield>
  </datafield>
  <datafield tag="650" ind1=" " ind2="7">
    <subfield code="a">Hadith.</subfield>
    <subfield code="2">fast</subfield>
    <subfield code="0">(OCoLC)fst00950112</subfield>
  </datafield>
  <datafield tag="700" ind1="1" ind2=" ">
    <subfield code="a">David-Weill, J.</subfield>
    <subfield code="q">(Jean)</subfield>
  </datafield>
  <datafield tag="700" ind1="0" ind2=" ">
    <subfield code="a">ʻIyāḍ ibn Mūsá,</subfield>
    <subfield code="d">1083-1149.</subfield>
  </datafield>
  <datafield tag="830" ind1=" " ind2="0">
    <subfield code="a">Textes arabes et études islamiques ;</subfield>
    <subfield code="v">t. 3.</subfield>
  </datafield>
  <datafield tag="880" ind1="1" ind2=" ">
    <subfield code="6">246-00/r</subfield>
    <subfield code="i">النص العربي:</subfield>
    <subfield code="a">الجامع في الحديث /</subfield>
    <subfield code="g">لعبد الله بن وهب</subfield>
  </datafield>
  <datafield tag="880" ind1="1" ind2=" ">
    <subfield code="6">700-00/r</subfield>
    <subfield code="a">ابن وهب، عبد الله،,</subfield>
    <subfield code="d">٧٤٣-٨١٢م.</subfield>
  </datafield>
  <datafield tag="955" ind1=" " ind2=" ">
    <subfield code="b">0315334384</subfield>
    <subfield code="d">glx</subfield>
    <subfield code="e">893.78 C125 t.3</subfield>
    <subfield code="v">v.3:1-2</subfield>
  </datafield>
</record>
</collection>